@misc{wiki,
	author = "Wikipedia",
	year = "2018",
	title = "Genetic algorithm",
	url = "https://en.wikipedia.org/wiki/Genetic_algorithm"
}

@book{goldberg,
    author = "David E. Goldberg",
    title = "Genetic Algorithms in Search, Optimization and Machine Learning",
    year = "1989",
		isbn = "0201157675",
		publisher = "Addison-Wesley Longman Publishing Co.",
		address = "Boston, USA"
}
